Trade_Time,Price_USD,Volume_BTC,Symbol
2025-09-29 23:56:52.126,114255.0,0.03,BTCUSDT
2025-09-29 23:56:52.402,114255.0,0.039,BTCUSDT
2025-09-29 23:56:53.252,114255.0,0.005,BTCUSDT
2025-09-29 23:56:53.252,114255.0,0.025,BTCUSDT
2025-09-29 23:56:53.372,114254.9,0.002,BTCUSDT
2025-09-29 23:56:53.752,114255.0,0.062,BTCUSDT
2025-09-29 23:56:53.752,114255.0,0.068,BTCUSDT
2025-09-29 23:56:53.798,114255.0,0.001,BTCUSDT
2025-09-29 23:56:53.848,114255.0,0.001,BTCUSDT
2025-09-29 23:56:54.245,114255.0,0.03,BTCUSDT
2025-09-29 23:56:54.409,114255.0,0.001,BTCUSDT
2025-09-29 23:56:54.515,114255.0,0.4,BTCUSDT
2025-09-29 23:56:54.587,114255.0,0.151,BTCUSDT
2025-09-29 23:56:54.587,114255.0,0.002,BTCUSDT
2025-09-29 23:56:54.587,114255.0,0.27,BTCUSDT
2025-09-29 23:56:54.587,114255.0,0.001,BTCUSDT
2025-09-29 23:56:54.587,114255.0,0.001,BTCUSDT
2025-09-29 23:56:54.587,114255.0,0.001,BTCUSDT
2025-09-29 23:56:54.587,114255.0,0.002,BTCUSDT
2025-09-29 23:56:54.587,114255.0,0.002,BTCUSDT
2025-09-29 23:56:54.587,114255.0,0.001,BTCUSDT
2025-09-29 23:56:54.587,114255.0,0.001,BTCUSDT
2025-09-29 23:56:54.587,114255.0,0.001,BTCUSDT
2025-09-29 23:56:54.587,114255.0,0.001,BTCUSDT
2025-09-29 23:56:54.587,114255.0,0.001,BTCUSDT
2025-09-29 23:56:54.587,114255.0,0.002,BTCUSDT
2025-09-29 23:56:54.699,114255.0,0.03,BTCUSDT
2025-09-29 23:56:55.201,114255.0,0.008,BTCUSDT
2025-09-29 23:56:55.240,114255.0,0.009,BTCUSDT
2025-09-29 23:56:55.240,114255.0,0.009,BTCUSDT
2025-09-29 23:56:55.240,114255.0,0.002,BTCUSDT
2025-09-29 23:56:55.240,114255.0,0.009,BTCUSDT
2025-09-29 23:56:55.895,114255.0,0.008,BTCUSDT
2025-09-29 23:56:56.270,114255.0,0.018,BTCUSDT
2025-09-29 23:56:56.270,114255.0,0.001,BTCUSDT
2025-09-29 23:56:56.270,114255.0,0.01,BTCUSDT
2025-09-29 23:56:56.374,114254.9,0.001,BTCUSDT
2025-09-29 23:56:57.193,114255.0,0.029,BTCUSDT
2025-09-29 23:56:57.278,114255.0,0.001,BTCUSDT
2025-09-29 23:56:57.480,114255.0,0.013,BTCUSDT
2025-09-29 23:56:57.556,114255.0,0.056,BTCUSDT
2025-09-29 23:56:57.751,114255.0,0.2,BTCUSDT
2025-09-29 23:56:57.757,114254.9,0.003,BTCUSDT
2025-09-29 23:56:57.757,114254.9,0.015,BTCUSDT
2025-09-29 23:56:57.895,114254.9,0.164,BTCUSDT
2025-09-29 23:56:57.993,114255.0,0.001,BTCUSDT
2025-09-29 23:56:58.203,114255.0,0.029,BTCUSDT
2025-09-29 23:56:58.250,114255.0,0.001,BTCUSDT
2025-09-29 23:56:58.329,114255.0,0.04,BTCUSDT
2025-09-29 23:56:58.329,114255.0,0.002,BTCUSDT
2025-09-29 23:56:58.329,114255.0,0.003,BTCUSDT
2025-09-29 23:56:58.329,114255.0,0.003,BTCUSDT
2025-09-29 23:56:58.329,114255.0,0.003,BTCUSDT
2025-09-29 23:56:58.329,114255.0,0.007,BTCUSDT
2025-09-29 23:56:58.329,114255.0,0.001,BTCUSDT
2025-09-29 23:56:58.329,114255.0,0.005,BTCUSDT
2025-09-29 23:56:58.329,114255.0,0.063,BTCUSDT
2025-09-29 23:56:58.329,114255.0,0.009,BTCUSDT
2025-09-29 23:56:58.329,114255.0,0.008,BTCUSDT
2025-09-29 23:56:58.329,114255.0,0.001,BTCUSDT
2025-09-29 23:56:58.329,114255.0,0.099,BTCUSDT
2025-09-29 23:56:58.329,114255.0,0.001,BTCUSDT
2025-09-29 23:56:58.329,114255.0,0.002,BTCUSDT
2025-09-29 23:56:58.329,114255.0,0.001,BTCUSDT
2025-09-29 23:56:58.329,114255.0,0.002,BTCUSDT
2025-09-29 23:56:58.329,114255.0,0.004,BTCUSDT
2025-09-29 23:56:58.329,114255.0,0.002,BTCUSDT
2025-09-29 23:56:58.329,114255.1,0.001,BTCUSDT
2025-09-29 23:56:58.329,114255.1,0.001,BTCUSDT
2025-09-29 23:56:58.329,114255.1,0.001,BTCUSDT
2025-09-29 23:56:58.329,114255.2,0.002,BTCUSDT
2025-09-29 23:56:58.329,114255.4,0.002,BTCUSDT
2025-09-29 23:56:58.329,114255.6,0.001,BTCUSDT
2025-09-29 23:56:58.329,114255.7,0.001,BTCUSDT
2025-09-29 23:56:58.329,114255.7,0.026,BTCUSDT
2025-09-29 23:56:58.329,114255.8,0.002,BTCUSDT
2025-09-29 23:56:58.329,114255.8,0.001,BTCUSDT
2025-09-29 23:56:58.329,114255.8,0.002,BTCUSDT
2025-09-29 23:56:58.329,114255.9,0.001,BTCUSDT
2025-09-29 23:56:58.329,114255.9,0.001,BTCUSDT
2025-09-29 23:56:58.329,114255.9,0.029,BTCUSDT
2025-09-29 23:56:58.329,114256.0,0.437,BTCUSDT
2025-09-29 23:56:58.332,114256.4,0.002,BTCUSDT
2025-09-29 23:56:58.332,114256.4,0.001,BTCUSDT
2025-09-29 23:56:58.332,114256.4,0.001,BTCUSDT
2025-09-29 23:56:58.332,114256.5,0.002,BTCUSDT
2025-09-29 23:56:58.332,114256.5,0.002,BTCUSDT
2025-09-29 23:56:58.332,114256.8,0.002,BTCUSDT
2025-09-29 23:56:58.332,114257.0,0.002,BTCUSDT
2025-09-29 23:56:58.332,114257.0,0.003,BTCUSDT
2025-09-29 23:56:58.332,114257.6,0.001,BTCUSDT
2025-09-29 23:56:58.334,114257.6,0.001,BTCUSDT
2025-09-29 23:56:58.334,114257.6,0.001,BTCUSDT
2025-09-29 23:56:58.339,114257.8,0.002,BTCUSDT
2025-09-29 23:56:58.339,114257.8,0.002,BTCUSDT
2025-09-29 23:56:58.339,114257.8,0.001,BTCUSDT
2025-09-29 23:56:58.339,114257.8,0.001,BTCUSDT
2025-09-29 23:56:58.341,114257.8,0.001,BTCUSDT
2025-09-29 23:56:58.341,114257.8,0.001,BTCUSDT
2025-09-29 23:56:58.341,114257.8,0.001,BTCUSDT
2025-09-29 23:56:58.341,114257.8,0.001,BTCUSDT
2025-09-29 23:56:58.341,114257.8,0.001,BTCUSDT
2025-09-29 23:56:58.341,114257.8,0.001,BTCUSDT
2025-09-29 23:56:58.341,114257.9,0.001,BTCUSDT
2025-09-29 23:56:58.349,114258.0,0.003,BTCUSDT
2025-09-29 23:56:58.429,114258.0,0.097,BTCUSDT
2025-09-29 23:56:58.429,114258.0,0.1,BTCUSDT
2025-09-29 23:56:58.429,114258.0,0.2,BTCUSDT
2025-09-29 23:56:58.429,114258.0,0.001,BTCUSDT
2025-09-29 23:56:58.429,114258.0,0.001,BTCUSDT
2025-09-29 23:56:58.429,114258.0,0.35,BTCUSDT
2025-09-29 23:56:58.429,114258.0,0.019,BTCUSDT
2025-09-29 23:56:58.429,114258.0,0.007,BTCUSDT
2025-09-29 23:56:58.429,114258.0,0.014,BTCUSDT
2025-09-29 23:56:58.429,114258.0,0.002,BTCUSDT
2025-09-29 23:56:58.429,114258.0,0.003,BTCUSDT
2025-09-29 23:56:58.429,114258.0,0.007,BTCUSDT
2025-09-29 23:56:58.429,114258.0,0.003,BTCUSDT
2025-09-29 23:56:58.429,114258.1,0.001,BTCUSDT
2025-09-29 23:56:58.429,114258.1,0.001,BTCUSDT
2025-09-29 23:56:58.429,114258.1,0.001,BTCUSDT
2025-09-29 23:56:58.429,114258.5,0.017,BTCUSDT
2025-09-29 23:56:58.434,114258.6,0.621,BTCUSDT
2025-09-29 23:56:58.435,114258.6,0.277,BTCUSDT
2025-09-29 23:56:58.435,114258.6,0.323,BTCUSDT
2025-09-29 23:56:58.435,114258.6,0.012,BTCUSDT
2025-09-29 23:56:58.435,114258.6,0.056,BTCUSDT
2025-09-29 23:56:58.436,114258.6,0.155,BTCUSDT
2025-09-29 23:56:58.437,114258.6,0.051,BTCUSDT
2025-09-29 23:56:58.440,114258.6,2.163,BTCUSDT
2025-09-29 23:56:58.442,114258.6,0.03,BTCUSDT
2025-09-29 23:56:58.442,114258.6,0.004,BTCUSDT
2025-09-29 23:56:58.442,114258.6,0.002,BTCUSDT
2025-09-29 23:56:58.442,114258.6,0.001,BTCUSDT
2025-09-29 23:56:58.442,114258.6,0.004,BTCUSDT
2025-09-29 23:56:58.442,114258.6,0.008,BTCUSDT
2025-09-29 23:56:58.442,114258.6,0.001,BTCUSDT
2025-09-29 23:56:58.442,114258.6,0.001,BTCUSDT
2025-09-29 23:56:58.442,114258.6,0.002,BTCUSDT
2025-09-29 23:56:58.442,114258.6,0.116,BTCUSDT
2025-09-29 23:56:58.442,114258.7,0.001,BTCUSDT
2025-09-29 23:56:58.442,114258.7,0.003,BTCUSDT
2025-09-29 23:56:58.442,114258.7,0.001,BTCUSDT
2025-09-29 23:56:58.442,114258.8,0.002,BTCUSDT
2025-09-29 23:56:58.442,114258.8,0.002,BTCUSDT
2025-09-29 23:56:58.442,114258.9,0.001,BTCUSDT
2025-09-29 23:56:58.442,114258.9,0.003,BTCUSDT
2025-09-29 23:56:58.442,114259.1,0.001,BTCUSDT
2025-09-29 23:56:58.442,114259.1,0.033,BTCUSDT
2025-09-29 23:56:58.442,114259.1,0.053,BTCUSDT
2025-09-29 23:56:58.442,114259.1,0.003,BTCUSDT
2025-09-29 23:56:58.442,114259.2,0.001,BTCUSDT
2025-09-29 23:56:58.442,114259.2,0.002,BTCUSDT
2025-09-29 23:56:58.467,114259.5,0.002,BTCUSDT
2025-09-29 23:56:58.467,114259.5,0.001,BTCUSDT
2025-09-29 23:56:58.467,114259.5,0.001,BTCUSDT
2025-09-29 23:56:58.467,114259.5,0.001,BTCUSDT
2025-09-29 23:56:58.467,114259.8,0.001,BTCUSDT
2025-09-29 23:56:58.479,114259.8,0.001,BTCUSDT
2025-09-29 23:56:58.479,114259.8,0.001,BTCUSDT
2025-09-29 23:56:58.479,114259.8,0.001,BTCUSDT
2025-09-29 23:56:58.479,114259.8,0.001,BTCUSDT
2025-09-29 23:56:58.479,114259.8,0.001,BTCUSDT
2025-09-29 23:56:58.490,114259.8,0.001,BTCUSDT
2025-09-29 23:56:58.490,114259.9,0.001,BTCUSDT
2025-09-29 23:56:58.490,114259.9,0.112,BTCUSDT
2025-09-29 23:56:58.491,114259.9,0.027,BTCUSDT
2025-09-29 23:56:58.491,114259.9,0.015,BTCUSDT
2025-09-29 23:56:58.491,114259.9,0.181,BTCUSDT
2025-09-29 23:56:58.491,114259.9,0.114,BTCUSDT
2025-09-29 23:56:58.491,114259.9,0.047,BTCUSDT
2025-09-29 23:56:58.491,114259.9,0.004,BTCUSDT
2025-09-29 23:56:58.491,114260.0,0.01,BTCUSDT
2025-09-29 23:56:58.491,114260.0,0.003,BTCUSDT
2025-09-29 23:56:58.491,114260.0,0.001,BTCUSDT
2025-09-29 23:56:58.491,114260.0,0.001,BTCUSDT
2025-09-29 23:56:58.491,114260.0,0.006,BTCUSDT
2025-09-29 23:56:58.492,114260.3,0.002,BTCUSDT
2025-09-29 23:56:58.492,114260.4,0.002,BTCUSDT
2025-09-29 23:56:58.493,114261.0,0.002,BTCUSDT
2025-09-29 23:56:58.493,114261.4,0.002,BTCUSDT
2025-09-29 23:56:58.493,114261.6,0.002,BTCUSDT
2025-09-29 23:56:58.493,114261.7,0.02,BTCUSDT
2025-09-29 23:56:58.493,114261.7,0.071,BTCUSDT
2025-09-29 23:56:58.502,114261.7,0.006,BTCUSDT
2025-09-29 23:56:58.502,114261.7,0.001,BTCUSDT
2025-09-29 23:56:58.502,114261.7,0.001,BTCUSDT
2025-09-29 23:56:58.502,114261.9,0.001,BTCUSDT
2025-09-29 23:56:58.502,114262.1,0.001,BTCUSDT
2025-09-29 23:56:58.502,114262.1,0.001,BTCUSDT
2025-09-29 23:56:58.502,114262.1,0.002,BTCUSDT
2025-09-29 23:56:58.502,114262.1,0.055,BTCUSDT
2025-09-29 23:56:58.502,114262.1,0.046,BTCUSDT
2025-09-29 23:56:58.502,114262.1,0.241,BTCUSDT
2025-09-29 23:56:58.502,114262.1,0.132,BTCUSDT
2025-09-29 23:56:58.502,114262.1,0.059,BTCUSDT
2025-09-29 23:56:58.502,114262.2,0.005,BTCUSDT
2025-09-29 23:56:58.502,114262.2,0.002,BTCUSDT
2025-09-29 23:56:58.502,114262.4,0.001,BTCUSDT
2025-09-29 23:56:58.502,114262.5,0.002,BTCUSDT
2025-09-29 23:56:58.502,114262.5,0.001,BTCUSDT
2025-09-29 23:56:58.502,114262.6,0.001,BTCUSDT
2025-09-29 23:56:58.503,114262.6,0.009,BTCUSDT
2025-09-29 23:56:58.503,114262.8,0.002,BTCUSDT
2025-09-29 23:56:58.503,114262.8,0.005,BTCUSDT
2025-09-29 23:56:58.503,114263.0,0.122,BTCUSDT
2025-09-29 23:56:58.503,114263.2,0.002,BTCUSDT
2025-09-29 23:56:58.504,114263.4,0.001,BTCUSDT
2025-09-29 23:56:58.504,114263.4,0.002,BTCUSDT
2025-09-29 23:56:58.504,114263.6,0.002,BTCUSDT
2025-09-29 23:56:58.504,114263.6,0.003,BTCUSDT
2025-09-29 23:56:58.504,114263.7,0.001,BTCUSDT
2025-09-29 23:56:58.504,114263.8,0.001,BTCUSDT
2025-09-29 23:56:58.504,114264.0,0.002,BTCUSDT
2025-09-29 23:56:58.504,114264.0,0.001,BTCUSDT
2025-09-29 23:56:58.504,114264.0,0.002,BTCUSDT
2025-09-29 23:56:58.505,114264.3,0.002,BTCUSDT
2025-09-29 23:56:58.525,114264.6,0.002,BTCUSDT
2025-09-29 23:56:58.525,114264.6,0.001,BTCUSDT
2025-09-29 23:56:58.525,114264.6,0.001,BTCUSDT
2025-09-29 23:56:58.525,114264.6,0.001,BTCUSDT
2025-09-29 23:56:58.525,114264.6,0.001,BTCUSDT
2025-09-29 23:56:58.525,114264.6,0.001,BTCUSDT
2025-09-29 23:56:58.525,114264.6,0.001,BTCUSDT
2025-09-29 23:56:58.525,114264.6,0.001,BTCUSDT
2025-09-29 23:56:58.525,114264.6,0.001,BTCUSDT
2025-09-29 23:56:58.525,114264.6,0.001,BTCUSDT
2025-09-29 23:56:58.525,114264.8,0.001,BTCUSDT
2025-09-29 23:56:58.525,114264.8,0.007,BTCUSDT
2025-09-29 23:56:58.525,114264.9,0.002,BTCUSDT
2025-09-29 23:56:58.525,114265.0,0.002,BTCUSDT
2025-09-29 23:56:58.525,114265.2,0.002,BTCUSDT
2025-09-29 23:56:58.525,114265.5,0.001,BTCUSDT
2025-09-29 23:56:58.525,114265.5,0.06,BTCUSDT
2025-09-29 23:56:58.525,114265.8,0.001,BTCUSDT
2025-09-29 23:56:58.525,114265.8,0.001,BTCUSDT
2025-09-29 23:56:58.525,114265.8,0.002,BTCUSDT
2025-09-29 23:56:58.525,114266.0,0.043,BTCUSDT
2025-09-29 23:56:58.525,114266.0,0.002,BTCUSDT
2025-09-29 23:56:58.525,114266.4,0.002,BTCUSDT
2025-09-29 23:56:58.525,114266.5,0.001,BTCUSDT
2025-09-29 23:56:58.525,114266.9,0.005,BTCUSDT
2025-09-29 23:56:58.525,114267.0,0.002,BTCUSDT
2025-09-29 23:56:58.525,114267.0,0.002,BTCUSDT
2025-09-29 23:56:58.525,114267.1,0.001,BTCUSDT
2025-09-29 23:56:58.525,114267.5,0.001,BTCUSDT
2025-09-29 23:56:58.525,114267.5,0.002,BTCUSDT
2025-09-29 23:56:58.525,114267.6,0.002,BTCUSDT
2025-09-29 23:56:58.525,114267.6,0.002,BTCUSDT
2025-09-29 23:56:58.525,114267.8,0.002,BTCUSDT
2025-09-29 23:56:58.525,114267.8,0.006,BTCUSDT
2025-09-29 23:56:58.525,114268.0,0.001,BTCUSDT
2025-09-29 23:56:58.525,114268.2,0.956,BTCUSDT
2025-09-29 23:56:58.563,114268.2,0.002,BTCUSDT
2025-09-29 23:56:58.563,114268.2,0.001,BTCUSDT
2025-09-29 23:56:58.563,114268.2,0.001,BTCUSDT
2025-09-29 23:56:58.563,114268.2,0.001,BTCUSDT
2025-09-29 23:56:58.563,114268.2,0.001,BTCUSDT
2025-09-29 23:56:58.563,114268.2,0.001,BTCUSDT
2025-09-29 23:56:58.563,114268.2,0.001,BTCUSDT
2025-09-29 23:56:58.563,114268.2,0.001,BTCUSDT
2025-09-29 23:56:58.563,114268.2,0.002,BTCUSDT
2025-09-29 23:56:58.563,114268.2,0.001,BTCUSDT
2025-09-29 23:56:58.563,114268.2,0.001,BTCUSDT
2025-09-29 23:56:58.563,114268.2,0.002,BTCUSDT
2025-09-29 23:56:58.563,114268.2,0.002,BTCUSDT
2025-09-29 23:56:58.563,114268.2,0.018,BTCUSDT
2025-09-29 23:56:58.563,114268.4,0.001,BTCUSDT
2025-09-29 23:56:58.563,114268.4,0.001,BTCUSDT
2025-09-29 23:56:58.563,114268.5,0.004,BTCUSDT
2025-09-29 23:56:58.563,114268.8,0.002,BTCUSDT
2025-09-29 23:56:58.565,114269.1,0.001,BTCUSDT
2025-09-29 23:56:58.565,114269.2,0.001,BTCUSDT
2025-09-29 23:56:58.565,114269.2,0.002,BTCUSDT
2025-09-29 23:56:58.565,114269.4,0.001,BTCUSDT
2025-09-29 23:56:58.565,114269.4,0.002,BTCUSDT
2025-09-29 23:56:58.565,114269.6,0.002,BTCUSDT
2025-09-29 23:56:58.565,114269.6,0.003,BTCUSDT
2025-09-29 23:56:58.568,114269.8,0.008,BTCUSDT
2025-09-29 23:56:58.568,114270.0,0.001,BTCUSDT
2025-09-29 23:56:58.568,114270.0,0.01,BTCUSDT
2025-09-29 23:56:58.573,114270.0,0.001,BTCUSDT
2025-09-29 23:56:58.573,114270.0,0.002,BTCUSDT
2025-09-29 23:56:58.573,114270.0,0.001,BTCUSDT
2025-09-29 23:56:58.576,114270.1,0.001,BTCUSDT
2025-09-29 23:56:58.576,114270.1,0.001,BTCUSDT
2025-09-29 23:56:58.576,114270.2,0.013,BTCUSDT
2025-09-29 23:56:58.576,114270.2,0.013,BTCUSDT
2025-09-29 23:56:58.595,114270.4,0.001,BTCUSDT
2025-09-29 23:56:58.595,114270.4,0.001,BTCUSDT
2025-09-29 23:56:58.595,114270.4,0.001,BTCUSDT
2025-09-29 23:56:58.595,114270.4,0.001,BTCUSDT
2025-09-29 23:56:58.595,114270.4,0.001,BTCUSDT
2025-09-29 23:56:58.595,114270.4,0.001,BTCUSDT
2025-09-29 23:56:58.595,114270.6,0.002,BTCUSDT
2025-09-29 23:56:58.595,114270.9,0.002,BTCUSDT
2025-09-29 23:56:58.595,114271.2,0.002,BTCUSDT
2025-09-29 23:56:58.595,114271.3,0.019,BTCUSDT
2025-09-29 23:56:58.596,114271.3,0.007,BTCUSDT
2025-09-29 23:56:58.596,114271.6,0.001,BTCUSDT
2025-09-29 23:56:58.596,114271.7,0.003,BTCUSDT
2025-09-29 23:56:58.596,114271.8,0.001,BTCUSDT
2025-09-29 23:56:58.596,114271.8,0.002,BTCUSDT
2025-09-29 23:56:58.596,114272.1,0.002,BTCUSDT
2025-09-29 23:56:58.596,114272.2,0.002,BTCUSDT
2025-09-29 23:56:58.596,114272.4,0.001,BTCUSDT
2025-09-29 23:56:58.596,114272.4,0.001,BTCUSDT
2025-09-29 23:56:58.596,114272.4,0.002,BTCUSDT
2025-09-29 23:56:58.596,114272.6,0.001,BTCUSDT
2025-09-29 23:56:58.596,114272.6,0.001,BTCUSDT
2025-09-29 23:56:58.596,114272.6,0.001,BTCUSDT
2025-09-29 23:56:58.596,114272.9,0.001,BTCUSDT
2025-09-29 23:56:58.596,114273.0,0.002,BTCUSDT
2025-09-29 23:56:58.596,114273.0,0.002,BTCUSDT
2025-09-29 23:56:58.596,114273.2,0.01,BTCUSDT
2025-09-29 23:56:58.621,114273.2,0.008,BTCUSDT
2025-09-29 23:56:58.621,114273.2,0.001,BTCUSDT
2025-09-29 23:56:58.621,114273.2,0.001,BTCUSDT
2025-09-29 23:56:58.621,114273.2,0.001,BTCUSDT
2025-09-29 23:56:58.621,114273.2,0.001,BTCUSDT
2025-09-29 23:56:58.621,114273.2,0.001,BTCUSDT
2025-09-29 23:56:58.621,114273.2,0.001,BTCUSDT
2025-09-29 23:56:58.621,114273.2,0.001,BTCUSDT
2025-09-29 23:56:58.621,114273.2,0.001,BTCUSDT
2025-09-29 23:56:58.621,114273.2,0.001,BTCUSDT
2025-09-29 23:56:58.621,114273.3,0.001,BTCUSDT
2025-09-29 23:56:58.621,114273.4,0.004,BTCUSDT
2025-09-29 23:56:58.636,114273.4,0.001,BTCUSDT
2025-09-29 23:56:58.636,114273.4,0.001,BTCUSDT
2025-09-29 23:56:58.636,114273.4,0.001,BTCUSDT
2025-09-29 23:56:58.636,114273.6,0.002,BTCUSDT
2025-09-29 23:56:58.649,114273.9,0.001,BTCUSDT
2025-09-29 23:56:58.649,114273.9,0.001,BTCUSDT
2025-09-29 23:56:58.649,114273.9,0.001,BTCUSDT
2025-09-29 23:56:58.649,114273.9,0.001,BTCUSDT
2025-09-29 23:56:58.649,114274.0,0.065,BTCUSDT
2025-09-29 23:56:58.652,114274.5,0.005,BTCUSDT
2025-09-29 23:56:58.655,114274.6,0.011,BTCUSDT
2025-09-29 23:56:58.655,114274.6,0.661,BTCUSDT
2025-09-29 23:56:58.655,114274.6,0.605,BTCUSDT
2025-09-29 23:56:58.668,114274.7,0.001,BTCUSDT
2025-09-29 23:56:58.668,114274.7,0.001,BTCUSDT
2025-09-29 23:56:58.668,114274.7,0.001,BTCUSDT
2025-09-29 23:56:58.668,114274.7,0.001,BTCUSDT
2025-09-29 23:56:58.668,114274.7,0.001,BTCUSDT
2025-09-29 23:56:58.668,114274.7,0.001,BTCUSDT
2025-09-29 23:56:58.668,114274.7,0.001,BTCUSDT
2025-09-29 23:56:58.668,114274.8,0.001,BTCUSDT
2025-09-29 23:56:58.668,114274.8,0.002,BTCUSDT
2025-09-29 23:56:58.668,114275.0,0.001,BTCUSDT
2025-09-29 23:56:58.668,114275.0,0.001,BTCUSDT
2025-09-29 23:56:58.668,114275.0,0.007,BTCUSDT
2025-09-29 23:56:58.668,114275.4,0.002,BTCUSDT
2025-09-29 23:56:58.668,114275.6,0.001,BTCUSDT
2025-09-29 23:56:58.668,114275.7,0.001,BTCUSDT
2025-09-29 23:56:58.668,114275.8,0.001,BTCUSDT
2025-09-29 23:56:58.668,114275.9,0.001,BTCUSDT
2025-09-29 23:56:58.668,114276.0,0.007,BTCUSDT
2025-09-29 23:56:58.668,114276.0,0.002,BTCUSDT
2025-09-29 23:56:58.683,114276.2,0.001,BTCUSDT
2025-09-29 23:56:58.683,114276.2,0.001,BTCUSDT
2025-09-29 23:56:58.683,114276.2,0.001,BTCUSDT
2025-09-29 23:56:58.683,114276.2,0.001,BTCUSDT
2025-09-29 23:56:58.683,114276.2,0.001,BTCUSDT
2025-09-29 23:56:58.683,114276.2,0.001,BTCUSDT
2025-09-29 23:56:58.683,114276.2,0.001,BTCUSDT
2025-09-29 23:56:58.683,114276.2,0.035,BTCUSDT
2025-09-29 23:56:58.684,114276.2,0.072,BTCUSDT
2025-09-29 23:56:58.751,114276.1,0.541,BTCUSDT
2025-09-29 23:56:58.751,114276.1,0.001,BTCUSDT
2025-09-29 23:56:58.751,114276.1,0.276,BTCUSDT
2025-09-29 23:56:58.751,114276.1,0.323,BTCUSDT
2025-09-29 23:56:58.751,114276.1,0.195,BTCUSDT
2025-09-29 23:56:58.760,114276.2,0.001,BTCUSDT
2025-09-29 23:56:58.760,114276.2,0.001,BTCUSDT
2025-09-29 23:56:58.760,114276.2,0.001,BTCUSDT
2025-09-29 23:56:58.760,114276.2,0.037,BTCUSDT
2025-09-29 23:56:59.030,114276.1,0.014,BTCUSDT
2025-09-29 23:56:59.030,114276.2,0.001,BTCUSDT
2025-09-29 23:56:59.030,114276.2,0.029,BTCUSDT
2025-09-29 23:56:59.313,114276.2,0.029,BTCUSDT
2025-09-29 23:56:59.406,114276.2,0.041,BTCUSDT
2025-09-29 23:56:59.406,114276.2,0.039,BTCUSDT
2025-09-29 23:56:59.406,114276.2,0.02,BTCUSDT
2025-09-29 23:56:59.406,114276.2,0.03,BTCUSDT
2025-09-29 23:56:59.406,114276.2,0.001,BTCUSDT
2025-09-29 23:56:59.406,114276.2,0.02,BTCUSDT
2025-09-29 23:56:59.407,114276.2,0.011,BTCUSDT
2025-09-29 23:56:59.416,114276.2,0.008,BTCUSDT
2025-09-29 23:56:59.424,114276.2,0.048,BTCUSDT
2025-09-29 23:56:59.424,114276.2,0.087,BTCUSDT
2025-09-29 23:56:59.424,114276.2,0.084,BTCUSDT
2025-09-29 23:56:59.425,114276.2,0.003,BTCUSDT
2025-09-29 23:56:59.425,114276.2,0.087,BTCUSDT
2025-09-29 23:56:59.425,114276.2,0.002,BTCUSDT
2025-09-29 23:56:59.425,114276.2,0.001,BTCUSDT
2025-09-29 23:56:59.425,114276.2,0.004,BTCUSDT
2025-09-29 23:56:59.425,114276.2,0.002,BTCUSDT
2025-09-29 23:56:59.425,114276.2,0.001,BTCUSDT
2025-09-29 23:56:59.425,114276.3,0.001,BTCUSDT
2025-09-29 23:56:59.425,114276.3,0.001,BTCUSDT
2025-09-29 23:56:59.425,114276.3,0.001,BTCUSDT
2025-09-29 23:56:59.433,114276.6,0.002,BTCUSDT
2025-09-29 23:56:59.433,114276.6,0.001,BTCUSDT
2025-09-29 23:56:59.433,114276.6,0.001,BTCUSDT
2025-09-29 23:56:59.433,114276.6,0.001,BTCUSDT
2025-09-29 23:56:59.433,114276.8,0.001,BTCUSDT
2025-09-29 23:56:59.433,114277.2,0.002,BTCUSDT
2025-09-29 23:56:59.433,114277.6,0.025,BTCUSDT
2025-09-29 23:56:59.433,114277.6,0.001,BTCUSDT
2025-09-29 23:56:59.433,114277.7,0.002,BTCUSDT
2025-09-29 23:56:59.433,114277.8,0.001,BTCUSDT
2025-09-29 23:56:59.433,114277.8,0.002,BTCUSDT
2025-09-29 23:56:59.433,114277.9,0.001,BTCUSDT
2025-09-29 23:56:59.433,114278.3,0.001,BTCUSDT
2025-09-29 23:56:59.433,114278.4,0.002,BTCUSDT
2025-09-29 23:56:59.433,114278.4,0.002,BTCUSDT
2025-09-29 23:56:59.433,114278.6,0.001,BTCUSDT
2025-09-29 23:56:59.433,114279.0,0.001,BTCUSDT
2025-09-29 23:56:59.433,114279.0,0.002,BTCUSDT
2025-09-29 23:56:59.433,114279.3,0.001,BTCUSDT
2025-09-29 23:56:59.433,114279.4,0.005,BTCUSDT
2025-09-29 23:56:59.433,114279.5,0.002,BTCUSDT
2025-09-29 23:56:59.433,114279.6,0.001,BTCUSDT
2025-09-29 23:56:59.433,114279.6,0.002,BTCUSDT
2025-09-29 23:56:59.671,114279.9,0.002,BTCUSDT
2025-09-29 23:56:59.703,114279.9,0.001,BTCUSDT
2025-09-29 23:57:00.013,114279.9,0.021,BTCUSDT
2025-09-29 23:57:00.013,114279.9,0.011,BTCUSDT
2025-09-29 23:57:00.013,114279.9,0.026,BTCUSDT
2025-09-29 23:57:00.013,114279.9,0.042,BTCUSDT
2025-09-29 23:57:00.013,114279.9,0.026,BTCUSDT
2025-09-29 23:57:00.014,114279.9,0.011,BTCUSDT
2025-09-29 23:57:00.014,114279.9,0.021,BTCUSDT
2025-09-29 23:57:00.014,114279.9,0.006,BTCUSDT
2025-09-29 23:57:00.014,114279.9,0.021,BTCUSDT
2025-09-29 23:57:00.015,114279.9,0.006,BTCUSDT
2025-09-29 23:57:00.015,114279.9,0.021,BTCUSDT
2025-09-29 23:57:00.037,114280.0,0.001,BTCUSDT
2025-09-29 23:57:00.037,114280.0,0.003,BTCUSDT
2025-09-29 23:57:00.037,114280.0,0.004,BTCUSDT
2025-09-29 23:57:00.037,114280.0,0.016,BTCUSDT
2025-09-29 23:57:00.037,114280.0,0.052,BTCUSDT
2025-09-29 23:57:00.037,114280.0,0.001,BTCUSDT
2025-09-29 23:57:00.037,114280.0,0.001,BTCUSDT
2025-09-29 23:57:00.037,114280.0,0.001,BTCUSDT
2025-09-29 23:57:00.037,114280.0,0.001,BTCUSDT
2025-09-29 23:57:00.037,114280.0,0.001,BTCUSDT
2025-09-29 23:57:00.037,114280.0,0.001,BTCUSDT
2025-09-29 23:57:00.037,114280.0,0.001,BTCUSDT
2025-09-29 23:57:00.037,114280.0,0.001,BTCUSDT
2025-09-29 23:57:00.037,114280.0,0.004,BTCUSDT
2025-09-29 23:57:00.040,114280.0,0.639,BTCUSDT
2025-09-29 23:57:00.040,114280.0,0.004,BTCUSDT
2025-09-29 23:57:00.040,114280.0,0.087,BTCUSDT
2025-09-29 23:57:00.040,114280.0,0.002,BTCUSDT
2025-09-29 23:57:00.040,114280.0,0.003,BTCUSDT
2025-09-29 23:57:00.040,114280.0,0.002,BTCUSDT
2025-09-29 23:57:00.040,114280.0,0.026,BTCUSDT
2025-09-29 23:57:00.040,114280.0,0.005,BTCUSDT
2025-09-29 23:57:00.040,114280.0,0.001,BTCUSDT
2025-09-29 23:57:00.040,114280.0,0.001,BTCUSDT
2025-09-29 23:57:00.040,114280.1,0.001,BTCUSDT
2025-09-29 23:57:00.040,114280.1,0.001,BTCUSDT
2025-09-29 23:57:00.040,114280.1,0.001,BTCUSDT
2025-09-29 23:57:00.040,114280.2,0.001,BTCUSDT
2025-09-29 23:57:00.040,114280.2,0.002,BTCUSDT
2025-09-29 23:57:00.040,114280.4,0.008,BTCUSDT
2025-09-29 23:57:00.040,114280.7,0.002,BTCUSDT
2025-09-29 23:57:00.040,114280.8,0.002,BTCUSDT
2025-09-29 23:57:00.040,114281.3,0.001,BTCUSDT
2025-09-29 23:57:00.040,114281.3,0.001,BTCUSDT
2025-09-29 23:57:00.040,114281.3,0.002,BTCUSDT
2025-09-29 23:57:00.040,114281.4,0.002,BTCUSDT
2025-09-29 23:57:00.040,114281.7,0.002,BTCUSDT
2025-09-29 23:57:00.040,114281.9,0.001,BTCUSDT
2025-09-29 23:57:00.040,114282.0,0.002,BTCUSDT
2025-09-29 23:57:00.040,114282.1,0.02,BTCUSDT
2025-09-29 23:57:00.040,114282.3,0.002,BTCUSDT
2025-09-29 23:57:00.040,114282.3,0.001,BTCUSDT
2025-09-29 23:57:00.040,114282.4,0.002,BTCUSDT
2025-09-29 23:57:00.040,114282.4,0.002,BTCUSDT
2025-09-29 23:57:00.040,114282.4,0.001,BTCUSDT
2025-09-29 23:57:00.040,114282.6,0.002,BTCUSDT
2025-09-29 23:57:00.040,114282.7,0.001,BTCUSDT
2025-09-29 23:57:00.040,114282.8,0.002,BTCUSDT
2025-09-29 23:57:00.040,114282.8,0.005,BTCUSDT
2025-09-29 23:57:00.040,114283.2,0.002,BTCUSDT
2025-09-29 23:57:00.040,114283.2,0.026,BTCUSDT
2025-09-29 23:57:00.040,114283.5,0.001,BTCUSDT
2025-09-29 23:57:00.040,114283.5,0.002,BTCUSDT
2025-09-29 23:57:00.040,114283.8,0.002,BTCUSDT
2025-09-29 23:57:00.040,114284.0,0.002,BTCUSDT
2025-09-29 23:57:00.040,114284.3,0.003,BTCUSDT
2025-09-29 23:57:00.043,114284.4,0.002,BTCUSDT
2025-09-29 23:57:00.049,114284.5,0.087,BTCUSDT
2025-09-29 23:57:00.049,114284.5,0.111,BTCUSDT
2025-09-29 23:57:00.049,114284.5,0.198,BTCUSDT
2025-09-29 23:57:00.050,114284.5,0.052,BTCUSDT
2025-09-29 23:57:00.052,114284.5,0.001,BTCUSDT
2025-09-29 23:57:00.052,114284.5,0.001,BTCUSDT
2025-09-29 23:57:00.052,114284.5,0.001,BTCUSDT
2025-09-29 23:57:00.052,114284.5,0.001,BTCUSDT
2025-09-29 23:57:00.052,114284.5,0.001,BTCUSDT
2025-09-29 23:57:00.052,114284.5,0.001,BTCUSDT
2025-09-29 23:57:00.053,114284.5,0.003,BTCUSDT
2025-09-29 23:57:00.053,114284.5,0.013,BTCUSDT
2025-09-29 23:57:00.053,114284.5,0.022,BTCUSDT
2025-09-29 23:57:00.119,114284.4,0.002,BTCUSDT
2025-09-29 23:57:00.336,114284.5,0.029,BTCUSDT
2025-09-29 23:57:00.434,114284.5,0.023,BTCUSDT
2025-09-29 23:57:00.434,114284.5,0.087,BTCUSDT
2025-09-29 23:57:00.434,114284.5,0.087,BTCUSDT
2025-09-29 23:57:00.434,114284.5,0.001,BTCUSDT
2025-09-29 23:57:00.434,114284.5,0.003,BTCUSDT
2025-09-29 23:57:00.434,114284.5,0.339,BTCUSDT
2025-09-29 23:57:00.507,114284.5,0.13,BTCUSDT
2025-09-29 23:57:00.507,114284.5,0.003,BTCUSDT
2025-09-29 23:57:00.507,114284.5,0.008,BTCUSDT
2025-09-29 23:57:00.514,114284.5,0.063,BTCUSDT
2025-09-29 23:57:00.514,114284.5,0.004,BTCUSDT
2025-09-29 23:57:00.514,114284.5,0.087,BTCUSDT
2025-09-29 23:57:00.514,114284.5,0.001,BTCUSDT
2025-09-29 23:57:00.514,114284.5,0.002,BTCUSDT
2025-09-29 23:57:00.514,114284.5,0.002,BTCUSDT
2025-09-29 23:57:00.514,114284.5,0.001,BTCUSDT
2025-09-29 23:57:00.514,114284.6,0.001,BTCUSDT
2025-09-29 23:57:00.514,114284.6,0.001,BTCUSDT
2025-09-29 23:57:00.514,114284.7,0.025,BTCUSDT
2025-09-29 23:57:00.514,114284.8,0.002,BTCUSDT
2025-09-29 23:57:00.514,114285.0,0.005,BTCUSDT
2025-09-29 23:57:00.514,114285.0,0.003,BTCUSDT
2025-09-29 23:57:00.514,114285.0,0.002,BTCUSDT
2025-09-29 23:57:00.514,114285.6,0.001,BTCUSDT
2025-09-29 23:57:00.514,114285.6,0.001,BTCUSDT
2025-09-29 23:57:00.514,114285.6,0.002,BTCUSDT
2025-09-29 23:57:00.514,114285.7,0.005,BTCUSDT
2025-09-29 23:57:00.514,114286.0,0.001,BTCUSDT
2025-09-29 23:57:00.514,114286.1,0.001,BTCUSDT
2025-09-29 23:57:00.514,114286.2,0.002,BTCUSDT
2025-09-29 23:57:00.514,114286.8,0.002,BTCUSDT
2025-09-29 23:57:00.517,114287.0,0.015,BTCUSDT
2025-09-29 23:57:00.517,114287.0,0.002,BTCUSDT
2025-09-29 23:57:00.580,114286.9,0.248,BTCUSDT
2025-09-29 23:57:00.586,114287.0,0.08,BTCUSDT
2025-09-29 23:57:00.652,114287.0,0.071,BTCUSDT
2025-09-29 23:57:00.652,114287.0,0.159,BTCUSDT
2025-09-29 23:57:00.652,114287.0,0.015,BTCUSDT
2025-09-29 23:57:00.665,114287.0,0.684,BTCUSDT
2025-09-29 23:57:00.975,114287.0,0.002,BTCUSDT
2025-09-29 23:57:00.984,114287.0,0.205,BTCUSDT
2025-09-29 23:57:00.984,114287.0,0.044,BTCUSDT
2025-09-29 23:57:01.221,114286.9,0.001,BTCUSDT
2025-09-29 23:57:01.281,114287.0,0.029,BTCUSDT
2025-09-29 23:57:01.395,114287.0,0.087,BTCUSDT
2025-09-29 23:57:01.395,114287.0,0.001,BTCUSDT
2025-09-29 23:57:01.395,114287.0,0.001,BTCUSDT
2025-09-29 23:57:01.395,114287.0,0.001,BTCUSDT
2025-09-29 23:57:01.395,114287.0,0.016,BTCUSDT
2025-09-29 23:57:01.395,114287.0,0.001,BTCUSDT
2025-09-29 23:57:01.395,114287.0,0.001,BTCUSDT
2025-09-29 23:57:01.395,114287.0,0.003,BTCUSDT
2025-09-29 23:57:01.395,114287.0,0.003,BTCUSDT
2025-09-29 23:57:01.395,114287.0,0.007,BTCUSDT
2025-09-29 23:57:01.395,114287.0,0.434,BTCUSDT
2025-09-29 23:57:01.548,114286.9,0.001,BTCUSDT
2025-09-29 23:57:01.675,114286.9,0.002,BTCUSDT
2025-09-29 23:57:02.030,114286.9,0.002,BTCUSDT
2025-09-29 23:57:02.059,114287.0,0.001,BTCUSDT
2025-09-29 23:57:02.059,114287.0,0.001,BTCUSDT
2025-09-29 23:57:02.189,114287.0,0.029,BTCUSDT
2025-09-29 23:57:02.273,114286.9,0.005,BTCUSDT
2025-09-29 23:57:02.413,114286.9,0.023,BTCUSDT
2025-09-29 23:57:02.495,114287.0,0.405,BTCUSDT
2025-09-29 23:57:02.787,114286.9,0.008,BTCUSDT
2025-09-29 23:57:02.920,114287.0,0.056,BTCUSDT
2025-09-29 23:57:03.184,114287.0,0.029,BTCUSDT
2025-09-29 23:57:03.213,114287.0,0.001,BTCUSDT
2025-09-29 23:57:03.291,114287.0,0.023,BTCUSDT
2025-09-29 23:57:04.206,114287.0,0.029,BTCUSDT
2025-09-29 23:57:04.213,114286.9,0.001,BTCUSDT
2025-09-29 23:57:04.258,114286.9,0.018,BTCUSDT
2025-09-29 23:57:04.315,114287.0,0.078,BTCUSDT
2025-09-29 23:57:04.373,114287.0,0.05,BTCUSDT
2025-09-29 23:57:04.373,114287.0,0.087,BTCUSDT
2025-09-29 23:57:04.373,114287.0,0.028,BTCUSDT
2025-09-29 23:57:04.476,114287.0,0.001,BTCUSDT
2025-09-29 23:57:04.739,114287.0,0.02,BTCUSDT
2025-09-29 23:57:04.773,114286.9,0.043,BTCUSDT
2025-09-29 23:57:04.788,114286.9,0.009,BTCUSDT
2025-09-29 23:57:04.979,114287.0,0.001,BTCUSDT
2025-09-29 23:57:05.202,114287.0,0.029,BTCUSDT
